@misc{monashuniversity_2023_developing,
  author = {Monash University},
  title = {Developing research questions},
  url = {https://www.monash.edu/library/help/assignments-research/developing-research-questions},
  year = {2023},
  organization = {Library}
}

@misc{a2016_26,
  month = {09},
  title = {2.6: Membrane Proteins},
  url = {https://bio.libretexts.org/Bookshelves/Introductory_and_General_Biology/Introductory_Biology_(CK-12)/02%3A_Cell_Biology/2.06%3A_Membrane_Proteins},
  year = {2016},
  organization = {Biology LibreTexts}
}

@article{jelokhaniniaraki_2022_membrane,
  author = {Jelokhani-Niaraki, Masoud},
  month = {12},
  pages = {468},
  title = {Membrane Proteins: Structure, Function and Motion},
  doi = {10.3390/ijms24010468},
  volume = {24},
  year = {2022},
  journal = {International Journal of Molecular Sciences}
}

@misc{zoppi_2020_role,
  author = {Zoppi, Lois},
  month = {10},
  title = {Role of Membrane Proteins in Physiology},
  url = {https://www.news-medical.net/life-sciences/Role-of-Membrane-Proteins-in-Physiology.aspx},
  year = {2020},
  organization = {News-Medical.net}
}

@book{chidrawi_2017_biology,
  author = {Chidrawi, Glenda and Robson, Margaret and Thrum, Elizabeth and Bradstock, Sarah},
  edition = {2},
  month = {12},
  publisher = {Cengage Australia},
  title = {Biology in focus year 11},
  year = {2017}
}

@misc{libretextsbiology_2018_52,
  author = {LibreTexts Biology},
  month = {07},
  title = {5.2: Components and Structure - Fluid Mosaic Model},
  url = {https://bio.libretexts.org/Bookshelves/Introductory_and_General_Biology/Book%3A_General_Biology_(Boundless)/05%3A_Structure_and_Function_of_Plasma_Membranes/5.02%3A_Components_and_Structure_-_Fluid_Mosaic_Model},
  year = {2018},
  organization = {Biology LibreTexts}
}

@article{singer_1972_the,
  author = {Singer, S. J. and Nicolson, G. L.},
  month = {02},
  pages = {720-731},
  title = {The Fluid Mosaic Model of the Structure of Cell Membranes},
  doi = {10.1126/science.175.4023.720},
  url = {https://pubmed.ncbi.nlm.nih.gov/4333397/},
  volume = {175},
  year = {1972},
  journal = {Science}
}

@article{zhang_2019_cholesterol,
  author = {Zhang, Jinrui},
  month = {02},
  title = {Cholesterol content in cell membrane maintains surface levels of ErbB2 and confers a therapeutic vulnerability in ErbB2-positive breast cancer},
  doi = {10.1186/s12964-019-0328-4},
  url = {https://www.ncbi.nlm.nih.gov/pmc/articles/PMC6383291/#:~:text=Cholesterol%20is%20also%20a%20key,to%20avoid%20aggregation%20%5B39%5D.},
  volume = {17},
  year = {2019},
  journal = {Cell Communication and Signaling}
}

@article{bretscher_1985_the,
  author = {Bretscher, Mark S.},
  pages = {100â€“109},
  title = {The Molecules of the Cell Membrane},
  url = {https://www.jstor.org/stable/24967813},
  volume = {253},
  year = {1985},
  journal = {Scientific American}
}

@article{cooper_2000_transport,
  author = {Cooper, Geoffrey M.},
  title = {Transport of Small Molecules},
  url = {https://www.ncbi.nlm.nih.gov/books/NBK9847/#:~:text=The%20simplest%20mechanism%20by%20which},
  volume = {2},
  year = {2000},
  journal = {The Cell: A Molecular Approach. 2nd edition}
}

@misc{bdeditors_2016_carrier,
  author = {BD Editors},
  month = {11},
  title = {Carrier Protein},
  url = {https://biologydictionary.net/carrier-protein/},
  year = {2016},
  organization = {Biology Dictionary}
}

@misc{biologyonline_2019_carrier,
  author = {Biology Online},
  month = {10},
  title = {Carrier Protein Definition and Examples - Biology Online Dictionary},
  url = {https://www.biologyonline.com/dictionary/carrier-protein},
  year = {2019},
  organization = {Biology Articles, Tutorials & Dictionary Online}
}

@misc{a2021_carrier,
  month = {09},
  title = {Carrier Proteins: Definition, Function, and Examples},
  url = {https://researchtweet.com/carrier-proteins-definition-function-examples/},
  year = {2021},
  organization = {ResearchTweet}
}

@misc{bdeditors_2018_channel,
  author = {BD Editors},
  month = {06},
  title = {Channel Protein: Definition, Function, Examples | Biology Dictionary},
  url = {https://biologydictionary.net/channel-protein/},
  year = {2018},
  organization = {Biology Dictionary}
}

@misc{editors_2022_channel,
  author = {Editors, M. N.},
  month = {09},
  title = {Channel Protein - Definition, Structure, Function, Example},
  url = {https://microbiologynote.com/channel-protein/},
  year = {2022},
  organization = {Microbiology Note}
}

@article{alberts_2002_the,
  author = {Alberts, Bruce and Johnson, Alexander and Lewis, Julian and Raff, Martin and Roberts, Keith and Walter, Peter},
  title = {The Lipid Bilayer},
  url = {https://www.ncbi.nlm.nih.gov/books/NBK26871/#:~:text=There%20are%20three%20major%20classes},
  volume = {4},
  year = {2002},
  journal = {Molecular Biology of the Cell. 4th edition}
}

@misc{libretextsbiology_2016_217,
  author = {LibreTexts Biology},
  month = {09},
  title = {2.17: Exocytosis and Endocytosis},
  url = {https://bio.libretexts.org/Bookshelves/Introductory_and_General_Biology/Introductory_Biology_(CK-12)/02%3A_Cell_Biology/2.17%3A_Exocytosis_and_Endocytosis},
  year = {2016},
  organization = {Biology LibreTexts}
}

@article{conner_2003_regulated,
  author = {Conner, Sean D. and Schmid, Sandra L.},
  month = {03},
  pages = {37-44},
  title = {Regulated portals of entry into the cell},
  doi = {10.1038/nature01451},
  volume = {422},
  year = {2003},
  journal = {Nature}
}

@misc{a2021_vesicles,
  month = {12},
  title = {Vesicles Definition, Structure, Types, and Functions},
  url = {https://microbiologynote.com/vesicles-definition-structure-types-and-functions/},
  year = {2021},
  organization = {Microbiology Note}
}

@misc{eduqasuk_2021_investigation,
  author = {Eduqas UK, },
  publisher = {Eduqas UK},
  title = {Investigation into the Permeability of Cell Membranes Using  Beetroo},
  url = {https://www.eduqas.co.uk/media/zb2l0wui/tg06in-1.pdf},
  year = {2021},
  organization = {Eduqas UK}
}

@misc{isa_2017_the,
  author = {Isa, DR},
  month = {01},
  title = {The Effect of Temperature on Cell Membranes},
  url = {https://snabbiology.co.uk/the-effect-of-temperature-on-cell-membranes/},
  year = {2017},
  organization = {Snab Biology}
}

@misc{a2018_42,
  month = {12},
  title = {4.2: Membrane Permeability},
  url = {https://bio.libretexts.org/Bookshelves/Cell_and_Molecular_Biology/Book%3A_Cells_-_Molecules_and_Mechanisms_%28Wong%29/04%3A_Membranes_-_Structure_Properties_and_Function/4.02%3A_Membrane_Permeability},
  year = {2018},
  organization = {Biology LibreTexts}
}

@misc{abola_2020_effect,
  author = {Abola, Paula},
  month = {09},
  title = {Effect of temperatures on the permeability of beetroot cell membranes in latvia},
  url = {https://www.researchgate.net/publication/344339814_Effect_of_temperatures_on_the_permeability_of_beetroot_cell_membranes_in_Latvia},
  year = {2020},
  organization = {ResearchGate}
}