@article{overholtzer_2008_the,
  author = {Overholtzer, Michael and Brugge, Joan S.},
  month = {09},
  pages = {796-809},
  title = {The cell biology of cell-in-cell structures},
  doi = {10.1038/nrm2504},
  volume = {9},
  year = {2008},
  journal = {Nature Reviews Molecular Cell Biology}
}

@article{stavans_1993_the,
  author = {Stavans, J},
  month = {06},
  pages = {733-789},
  title = {The evolution of cellular structures},
  doi = {10.1088/0034-4885/56/6/002},
  urldate = {2022-10-21},
  volume = {56},
  year = {1993},
  journal = {Reports on Progress in Physics}
}

@misc{theeditorsofencyclopediabritanica_2023_structure,
  author = {The Editors of Encyclopedia Britanica},
  title = {Structure and types of cells | Britannica},
  url = {https://www.britannica.com/summary/cell-biology#:~:text=There%20are%20two%20distinct%20types},
  year = {2023},
  organization = {www.britannica.com}
}

@misc{a2016_europe,
  editor = {Chonca, C},
  title = {Europe PMC},
  url = {https://europepmc.org/article/med/3540852},
  urldate = {2024-08-21},
  year = {2016},
  organization = {Europepmc.org}
}