@misc{lower_2024_le,
  author = {Lower, Stephen},
  title = {Le Chatelier's Principle },
  url = {https://chem.libretexts.org/Bookshelves/General_Chemistry/Chem1_(Lower)/11%3A_Chemical_Equilibrium/11.02%3A_Le_Chatelier},
  year = {2024},
  organization = {Libretexts.org}
}

@misc{lechatelier_1884_on,
  author = {Le Chatelier, H},
  annote = {“Sur un énoncé générale des lois des équlibres chimiques,” C. R. Acad. Sci. Paris 99 (1884), 786-789.},
  title = {On a general statement of the laws of chemical equilibrium},
  url = {https://neo-classical-physics.info/uploads/3/4/3/6/34363841/le_chatelier_-_principle.pdf},
  year = {1884}
}

@misc{clark_2023_the,
  author = {Clark, Jim},
  month = {01},
  publisher = {LibreTexts},
  title = {The Haber Process},
  url = {https://chem.libretexts.org/Bookshelves/Physical_and_Theoretical_Chemistry_Textbook_Maps/Supplemental_Modules_(Physical_and_Theoretical_Chemistry)/Equilibria/Le_Chateliers_Principle/The_Haber_Process},
  year = {2023},
  organization = {Chemistry LibreTexts}
}

@book{davis_2018_chemistry,
  author = {Davis, Anna and Disney, Anne and Smith, Debra},
  edition = {2},
  publisher = {South Melbourne, Vic. Cengage Australia},
  title = {Chemistry in focus year 12},
  year = {2018}
}

@article{ihde_1989_le,
  author = {Ihde, John},
  month = {03},
  pages = {238},
  title = {Le Châtelier and chemical equilibrium},
  doi = {10.1021/ed066p238},
  volume = {66},
  year = {1989},
  journal = {Journal of Chemical Education}
}

@misc{byjus_2011_collision,
  author = {Byjus},
  title = {Collision Theory | Molecular Collisions and Examples | Chemistry | Byju's},
  url = {https://byjus.com/chemistry/collision-theory/},
  year = {2011},
  organization = {Byjus.com}
}

@misc{lawson_2023_the,
  author = {Lawson, Peggy and Lower, Stephen},
  publisher = {LibreTexts},
  title = {The Collision Theory},
  url = {https://chem.libretexts.org/Bookshelves/Physical_and_Theoretical_Chemistry_Textbook_Maps/Supplemental_Modules_(Physical_and_Theoretical_Chemistry)/Kinetics/06%3A_Modeling_Reaction_Kinetics/6.01%3A_Collision_Theory/6.1.06%3A_The_Collision_Theory},
  year = {2023},
  organization = {Chemistry LibreTexts}
}

@misc{scienceready_2019_reaction,
  author = {Science Ready},
  title = {Reaction Rates and Collision Theory – HSC Chemistry},
  url = {https://scienceready.com.au/pages/reaction-rates-and-collision-theory?srsltid=AfmBOoqLMNDOxTFqBKVtZPCLtplNT1dou880Sy9A7P6-ZKclOCcQPqjR},
  urldate = {2024-11-11},
  year = {2019},
  organization = {Science Ready}
}

@misc{dillon_2024_the,
  author = {Dillon, Stephanie},
  publisher = {Chemistry for Liberal Studies - Forensic Academy},
  title = {The Rates of Chemical Reactions},
  url = {https://www.chem.fsu.edu/chemlab/chm1020c/Lecture%208/01.php},
  year = {2024},
  organization = {chem.fsu.edu}
}

@misc{maunaloaobservatory_2024_the,
  author = {Mauna Loa Observatory},
  title = {The Keeling Curve},
  url = {https://scripps.ucsd.edu/bluemoon/co2_400/mlo_full_record.png},
  urldate = {2024-11-12},
  year = {2024},
  organization = {Ucsd.edu}
}

@misc{belford_2016_88,
  author = {Belford, Robert},
  month = {06},
  title = {8.8: Bond and Molecular Polarity},
  url = {https://chem.libretexts.org/Courses/University_of_Arkansas_Little_Rock/Chem_1402%3A_General_Chemistry_1_(Belford)/Text/8%3A_Bonding_and_Molecular_Structure/8.8%3A_Bond_and_Molecular_Polarity},
  year = {2016},
  organization = {Chemistry LibreTexts}
}

@misc{fleming_2021_1110,
  author = {Fleming, Patrick},
  month = {07},
  title = {11.10: Collision Theory},
  url = {https://chem.libretexts.org/Courses/Millersville_University/CHEM_341-_Physical_Chemistry_I/11%3A_Chemical_Kinetics_I/11.10%3A_Collision_Theory},
  year = {2021},
  organization = {Chemistry LibreTexts}
}

@misc{scienceready_2019_hsc,
  author = {Scienceready},
  title = {HSC Chemistry: Collision Theory in Equilibrium – Science Ready},
  url = {https://scienceready.com.au/pages/collision-theory-in-equilibria?srsltid=AfmBOoqHaJb9gAt9dQpFwzKJjc-ISaqkJPzg0zK-hmEVSSc9D_mx5F4R},
  urldate = {2024-11-12},
  year = {2019},
  organization = {Science Ready}
}

@misc{bui_2022_the,
  author = {Bui, Mattew  and -, Kan and Kelvin, Chin Fung and Le, Sinh and Tan, Eve},
  title = {The Arrhenius Law - Activation Energies},
  url = {https://chem.libretexts.org/Bookshelves/Physical_and_Theoretical_Chemistry_Textbook_Maps/Supplemental_Modules_(Physical_and_Theoretical_Chemistry)/Kinetics/06%3A_Modeling_Reaction_Kinetics/6.02%3A_Temperature_Dependence_of_Reaction_Rates/6.2.03%3A_The_Arrhenius_Law/6.2.3.03%3A_The_Arrhenius_Law-_Activation_Energies},
  year = {2022},
  organization = {Chem LibreTexts}
}

@misc{bbcbitesize_2021_exothermic,
  author = {BBC Bitesize},
  title = {Exothermic and endothermic reactions - AQA},
  url = {https://bam.files.bbci.co.uk/bam/live/content/zpnwpbk/large},
  urldate = {2024-11-14},
  year = {2021},
  organization = {Chemistry Energy Changes}
}

@book{pietka_2019_soft,
  author = {Pietka, Mark Jeffery and Korab, Henry Edward},
  title = {Soft Drink | Definition, History, Production, & Health Issues},
  url = {https://www.britannica.com/topic/soft-drink},
  year = {2019},
  organization = {Encyclopædia Britannica}
}

@book{steen_2006_carbonated,
  author = {Steen, David P and Ashurst, Philip R},
  publisher = {Blackwell Publishing},
  title = {Carbonated soft drinks : formulation and manufacture},
  year = {2006}
}

@book{chastain_2019_jan,
  author = {Chastain, Ben B.},
  title = {Jan Baptista van Helmont | Belgian scientist | Britannica},
  url = {https://www.britannica.com/biography/Jan-Baptista-van-Helmont},
  year = {2019},
  organization = {Encyclopædia Britannica}
}

@book{robertgwanderson_2019_joseph,
  author = {Robert G.W. Anderson},
  month = {04},
  title = {Joseph Black | British scientist},
  url = {https://www.britannica.com/biography/Joseph-Black},
  year = {2019},
  organization = {Encyclopædia Britannica}
}

@book{smith_2017_chemistry,
  author = {Smith, Roland and Davis, Anna},
  edition = {1},
  publisher = {Cengage Australia},
  title = {Chemistry in Focus : Year 11},
  year = {2017}
}

@misc{univerzitakarlova_2023_when,
  author = {Univerzita Karlova},
  title = {When Carbon Dioxide is Lighter Than Air (Temperature Impact on Gas Density) — Collection of Experiments},
  url = {https://physicsexperiments.eu/2258/when-carbon-dioxide-is-lighter-than-air-(temperature-impact-on-gas-density)},
  year = {2023},
  organization = {Physicsexperiments.eu}
}

@book{britannica_2019_carbonic,
  author = {Britannica},
  title = {Carbonic acid | chemical compound | Britannica},
  url = {https://www.britannica.com/science/carbonic-acid},
  year = {2019},
  organization = {Encyclopædia Britannica}
}

@misc{campkeg_2024_mastering,
  author = {Camp Keg},
  title = {Mastering the Art of Pressure: Achieving Optimal Dispensing and Carbon},
  url = {https://campkeg.com/pages/mastering-the-art-of-pressure-achieving-optimal-dispensing-and-carbonation-with-your-camp-keg},
  urldate = {2024-11-18},
  year = {2024},
  organization = {Camp Keg}
}

@misc{universityofcaliforniaresearchconsortiumonbeveragesandhealth_2022_the,
  author = {University of California Research Consortium on Beverages and Health},
  title = {The Heavy Environmental Impact of Sugary Drinks},
  url = {https://ucanr.edu/sites/NewNutritionPolicyInstitute/files/377585.pdf},
  year = {2022}
}

@article{ercin_2010_corporate,
  author = {Ercin, A. Ertug and Aldaya, Maite Martinez and Hoekstra, Arjen Y.},
  month = {10},
  pages = {721-741},
  title = {Corporate Water Footprint Accounting and Impact Assessment: The Case of the Water Footprint of a Sugar-Containing Carbonated Beverage},
  doi = {10.1007/s11269-010-9723-8},
  volume = {25},
  year = {2010},
  journal = {Water Resources Management}
}

@misc{globalplasticactionpartnership_2024_global,
  author = {Global Plastic Action Partnership},
  title = {Global Plastic Action Partnership - Resources},
  url = {https://www.globalplasticaction.org/resources/publications/some-artificial-sweeteners-are-forever-chemicals-that-could-be-harming-aquatic-life/c3aec2c8d9c3349c21e1b0168ee7639ae9a80952},
  year = {2024},
  organization = {Globalplasticaction.org}
}

@article{naik_2021_environmental,
  author = {Naik, Ab Qayoom and Zafar, Tabassum and Shrivastava, Vinoy Kumar},
  editor = {Kharat, Arun S.},
  month = {04},
  pages = {1-11},
  title = {Environmental Impact of the Presence, Distribution, and Use of Artificial Sweeteners as Emerging Sources of Pollution},
  doi = {10.1155/2021/6624569},
  volume = {2021},
  year = {2021},
  journal = {Journal of Environmental and Public Health}
}

@article{soffritti_2007_lifespan,
  author = {Soffritti, Morando and Belpoggi, Fiorella and Tibaldi, Eva and Esposti, Davide Degli and Lauriola, Michelina},
  month = {09},
  pages = {1293-1297},
  title = {Life-Span Exposure to Low Doses of Aspartame Beginning during Prenatal Life Increases Cancer Effects in Rats},
  doi = {10.1289/ehp.10271},
  url = {http://content.ebscohost.com/ContentServer.asp?T=P&P=AN&K=508950276&S=R&D=ofm&EbscoContent=dGJyMNLe80SeqLY4y9f3OLCmsEieqK5Ssqy4TbKWxWXS&ContentCustomer=dGJyMPGqs1Gyrq5LuePfgeyx6Ivz2%2BKL},
  urldate = {2020-05-29},
  volume = {115},
  year = {2007},
  journal = {Environmental Health Perspectives}
}

@misc{doshi_2017_indian,
  author = {Doshi, Vidhi},
  month = {05},
  publisher = {The Guardian},
  title = {Indian traders boycott Coca-Cola for 'straining water resources'},
  url = {https://www.theguardian.com/world/2017/mar/01/indian-traders-boycott-coca-cola-for-straining-water-resources},
  year = {2017},
  organization = {the Guardian}
}

@misc{bernhardt_2020_cutting,
  author = {Bernhardt, Fran  and Onzoño Sanz, Leyre Iñiguez de and Wescott, Ruth  and Zakharov, Vera},
  month = {06},
  title = {Cutting cola to cool our planet: on sugar and the climate and nature emergency | Sustain},
  url = {https://www.sustainweb.org/blogs/jun20_cutting_sugar_climate_nature_emergency/},
  year = {2020},
  organization = {www.sustainweb.org}
}

@misc{directiveeu_2020_eurlex,
  author = {Directive (EU)},
  title = {EUR-Lex - 32020L2184 - EN - EUR-Lex},
  url = {https://eur-lex.europa.eu/legal-content/EN/TXT/?uri=celex%3A32020L2184},
  year = {2020},
  organization = {Europa.eu}
}

@book{wade_2018_phenol,
  author = {Wade, Leroy G},
  month = {11},
  title = {phenol | Definition, Structure, Uses, & Facts},
  url = {https://www.britannica.com/science/phenol},
  year = {2018},
  organization = {Encyclopædia Britannica}
}

@article{griffiths_2016_water,
  author = {Griffiths, Tony},
  month = {01},
  pages = {65-87},
  title = {Water and the soft drinks industry},
  doi = {10.1002/9781118634943.ch4},
  urldate = {2024-10-27},
  volume = {3},
  year = {2016},
  journal = {Chemistry and Technology of Soft Drinks and Fruit Juices}
}

@misc{watermanengineersaustralia_2024_energy,
  author = {Waterman Engineers Australia},
  title = {Energy Drink Manufacturing},
  url = {https://watermanaustralia.com/wp-content/uploads/2021/06/image1-1.png},
  urldate = {2024-11-21},
  year = {2024},
  organization = {Watermanaustralia.com}
}

@misc{liebminger_2024_figure,
  author = {Liebminger, Stefan},
  title = {FIGURE 1 Molecular structure of poly(ethylene terephthalate) PET.},
  url = {https://www.researchgate.net/figure/Molecular-structure-of-polyethylene-terephthalate-PET_fig1_228861441},
  year = {2024},
  organization = {ResearchGate}
}

@misc{wileyjournalofchemistry_2020_review,
  author = {Wiley Journal of Chemistry },
  title = {Review Article Review on Intermolecular Forces between Dyes Used for Polyester Dyeing and Polyester Fiber},
  url = {https://www.researchgate.net/figure/The-polymerization-reaction-of-terephthalic-acid-and-ethylene-glycol_fig1_345759951},
  year = {2020},
  organization = {Research Gate}
}

@misc{vaisala_2023_ethylene,
  author = {Vaisala},
  title = {ETHYLENE GLYCOL (CH 2 OH) 2 Typical end products},
  url = {https://www.vaisala.com/system/files/documents/Polyethylene-Terephthalate-PET-Productio-Process-application-note-B211995EN.pdf},
  year = {2023}
}

@misc{byjus_2022_esterification,
  author = {BYJU'S},
  title = {Esterification (Alcohol & Carboxylic acid) - Reactions Mechanism & Uses with Videos},
  url = {https://byjus.com/chemistry/esterification/},
  year = {2022},
  organization = {BYJUS}
}

@article{syrett_2006_bottle,
  author = {Syrett, David},
  month = {07},
  pages = {181-217},
  title = {Bottle Design and Manufacture and Related Packaging},
  doi = {10.1002/9780470996034.ch7},
  urldate = {2024-11-22},
  year = {2006},
  journal = {Carbonated Soft Drinks: Formulation and Manufacture}
}

@misc{robinsonpackaging_2023_injection,
  author = {Robinson Packaging},
  title = {Injection stretch blow moulding},
  url = {https://robinsonpackaging.com/wp-content/uploads/2021/02/infographic-stretch-blow-moulding.jpg},
  year = {2023},
  organization = {Robinsonpackaging.com}
}

@misc{wkai_2024_how,
  author = {WKAI},
  title = {How to Produce Satisfactory PET Plastic Bottles Through Injection and Blow Molding},
  url = {https://wkaiglobal.com/blogs/how-to-produce-satisfactory-pet-plastic-bottles-through-injection-and-blow-molding},
  year = {2024},
  organization = {Wkaiglobal.com}
}

@misc{sidel_2015_bottle,
  author = {Sidel},
  title = {bottle filler SIDEL},
  url = {https://www.directindustry.com/prod/sidel/product-8751-2141555.html},
  urldate = {2024-11-23},
  year = {2015},
  organization = {http://twitter.com/DirectIndustry}
}

@misc{sidel_2022_complete,
  author = {Sidel},
  publisher = {Sidel},
  title = {COMPLETE LINE IS A COMPLETE SOLUTION},
  year = {2022}
}

@misc{alplawerkealwinlehnergmbhcokg_2022_wipo,
  author = {ALPLA WERKE ALWIN LEHNER GMBH & CO. KG and RIEDERER HASLER & PARTNER PATENTANWÄLTE},
  title = {WIPO - Search International and National Patent Collections},
  url = {https://patentscope.wipo.int/search/en/detail.jsf?docId=WO2022258617&_cid=P10-LHGMWS-18999-1},
  urldate = {2024-11-23},
  year = {2022},
  organization = {Wipo.int}
}