@misc{mayoclinic_2024_frequently,
  author = {Mayo Clinic},
  title = {Frequently asked questions about stem cell research},
  url = {https://www.mayoclinic.org/tests-procedures/bone-marrow-transplant/in-depth/stem-cells/art-20048117#:~:text=Stem%20cells%20can%20be%20guided},
  year = {2024},
  organization = {Mayo Clinic}
}

@misc{a2024,
  url = {https://media.licdn.com/dms/image/C5612AQEA3GMW6zPQlw/article-cover_image-shrink_600_2000/0/1638394116879?e=2147483647&v=beta&t=hXBlDlM4X_iquflwbxOxkoA5TGQFEXX0bOI_W7vgdh8},
  urldate = {2024-08-15},
  year = {2024},
  organization = {Licdn.com}
}

@article{hoang_2022_stem,
  author = {Hoang, Duc M. and Pham, Phuong T. and Bach, Trung Q. and Ngo, Anh T. L. and Nguyen, Quyen T. and Phan, Trang T. K. and Nguyen, Giang H. and Le, Phuong T. T. and Hoang, Van T. and Forsyth, Nicholas R. and Heke, Michael and Nguyen, Liem Thanh},
  month = {08},
  pages = {1â€“41},
  title = {Stem cell-based therapy for human diseases},
  doi = {10.1038/s41392-022-01134-4},
  url = {https://www.ncbi.nlm.nih.gov/pmc/articles/PMC9357075/},
  volume = {7},
  year = {2022},
  journal = {Signal Transduction and Targeted Therapy}
}

@article{biehl_2009_introduction,
  author = {Biehl, Jesse K. and Russell, Brenda},
  month = {03},
  pages = {98-103},
  title = {Introduction to Stem Cell Therapy},
  doi = {10.1097/jcn.0b013e318197a6a5},
  url = {https://www.ncbi.nlm.nih.gov/pmc/articles/PMC4104807/},
  volume = {24},
  year = {2009},
  journal = {The Journal of Cardiovascular Nursing}
}

@misc{parliementofaustralia_do,
  author = {Parliement of Australia},
  title = {Do these rights apply to the unborn? Response to question on notice Senate Standing Committee on Legal and Constitutional Affairs Human Rights Bill Inquiry},
  url = {https://www.aph.gov.au/DocumentStore.ashx?id=d7855d8d-7b49-4769-8477-f1ec2f681e9f#:~:text=The%20Convention},
  urldate = {2024-08-15}
}