@book{paludan_1998_chronicle,
  author = {Paludan, Ann},
  edition = {1st},
  pages = {37},
  publisher = {Thomas & Hudson},
  title = {Chronicle of the Chinese Emperors},
  year = {1998}
}

@misc{columbiauniversityweatherheadeastasainculture_primary,
  author = {Columbia University Weatherhead East Asain Culture},
  title = {Primary Sources with DBQs | Asia for Educators | Columbia University},
  url = {https://afe.easia.columbia.edu/main_pop/ps/ps_china.htm},
  urldate = {2024-05-24},
  organization = {afe.easia.columbia.edu}
}

@book{theeditorsofencyclopediabritannica_2018_han,
  author = {The Editors of Encyclopedia Britannica},
  month = {12},
  title = {Han dynasty | Definition, Map, Culture, Art, & Facts},
  url = {https://www.britannica.com/topic/Han-dynasty},
  year = {2018},
  organization = {Encyclop√¶dia Britannica}
}

@book{ven_2021_warfare,
  author = {Ven., Hans van de},
  annote = {Introduction / Hans van de Ven -- The Han abolition of universal military service / Mark E. Lewis -- Dou Jiande's dilemma: Logistics, strategy, and state formation in seventh-century China / David A. Graff -- Tibet in Tang's grand strategy / Denis Twitchett -- Waging war for peace? The peace accord between the Song and the Liao in AD 1005 / Nap-yin Lau -- Mountain fortress defence: The experience of the Southern Song and Korea in resisting the Mongol invasions / Huang K'uan-chung -- Culture, history, and imperial Chinese strategy: Legacies of the Qing conquests / Peter C. Perdue -- Military dimensions of the 'Boxer Uprising' in Shanxi, 1898-1901 / Roger R. Thompson -- New states of war: Communist and Nationalist warfare and state building (1928-1934) / Hans van de Ven -- Defending China: The battles of the Xuzhou campaign / Diana Lary -- Conclusion / Jeremy Black.},
  edition = {Sinica Leidensia},
  month = {07},
  publisher = {Leiden ; Boston : Brill, 2000.},
  title = {Warfare in Chinese History},
  url = {https://collection.sl.nsw.gov.au/record/74Vvk2g6NgJd},
  urldate = {2024-05-26},
  volume = {47},
  year = {2021}
}

@book{needham_1962_science,
  author = {Needham, Joseph and Ling, Wang and Kenneth Girdwood Robinson and Lu, Gwei-Djen},
  publisher = {Cambridge University Press},
  title = {Science and civilisation in China / Vol. 4, Physics and physical technology / with the collab. of Wang Ling.},
  year = {1962}
}

@book{markedwardlewis_2010_early,
  author = {Mark Edward Lewis},
  publisher = {Harvard University Press},
  title = {Early chinese empires - qin and han.},
  year = {2010}
}

@misc{cartwright_2017_crossbows,
  author = {Cartwright, Mark},
  month = {07},
  title = {Crossbows in Ancient Chinese Warfare},
  url = {https://www.worldhistory.org/article/1098/crossbows-in-ancient-chinese-warfare/},
  year = {2017},
  organization = {World History Encyclopedia}
}

@misc{chinahighlights_wudi,
  author = {China Highlights},
  title = {Wudi Emperor of the Han Dynasty (156- 87 BC), Story of Han Dynasty Emperor},
  url = {https://www.chinahighlights.com/travelguide/china-history/wudi-emperor.htm},
  organization = {China Highlights}
}

@misc{chineseuniversityofhongkong_the,
  author = {Chinese University of Hong Kong},
  title = {The Four Battles between the Han Dynasty and the Xiongnu | S.H. Ho College, The Chinese University of Hong Kong},
  url = {https://www.shho.cuhk.edu.hk/the-four-battles-between-the-han-dynasty-and-the-xiongnu/},
  organization = {www.shho.cuhk.edu.hk}
}

@misc{msw_2019_the,
  author = {MSW},
  month = {10},
  title = {THE ARMY OF THE HAN DYNASTY},
  url = {https://weaponsandwarfare.com/2019/10/09/the-army-of-the-han-dynasty/},
  year = {2019},
  organization = {Weapons and Warfare}
}

@article{sheng_2023_wooduse,
  author = {Sheng, Pengfei and Nong, Kuangyuan and Tian, Xiaohong and Wu, Yong and Allen, Edward},
  month = {12},
  pages = {1-7},
  publisher = {Taylor & Francis},
  title = {Wood-Use Strategies at a Han Dynasty Military Outpost: New Archaeological Evidence from Shichengzi, Xinjiang},
  doi = {10.1080/14614103.2023.2288729},
  urldate = {2024-05-29},
  year = {2023},
  journal = {Environmental archaeology}
}

@book{nylan_2001_the,
  author = {Nylan, Michael},
  publisher = {Yale University Press},
  title = {The Five "Confucian" Classics},
  url = {https://www.jstor.org/stable/j.ctt1nq7hj#},
  urldate = {2024-05-30},
  year = {2001},
  organization = {JSTOR}
}

@misc{csikszentmihalyi_2024_confucius,
  author = {Csikszentmihalyi, Mark},
  editor = {Zalta , Edward N and  Nodelman, Uri},
  title = {Confucius},
  url = {https://plato.stanford.edu/archives/sum2024/entries/confucius/},
  urldate = {2024-05-30},
  year = {2024}
}

@misc{benson_2017_weaponry,
  author = {Benson, Bryan and Coran, Ryan and Ramirez, Alberto and Lados, Diana and Tom, Mr and Thomsen, H},
  title = {Weaponry During the Period of Disunity in Imperial China With a focus on the Dao An Interactive Qualifying Project Report Submitted to the Faculty Of the WORCESTER POLYTECHNIC INSTITUTE},
  url = {https://web.wpi.edu/academics/me/IMDC/IQP%20Website/reports/1617/china.pdf},
  year = {2017}
}

@article{dubs_1938_the,
  author = {Dubs, Homer H.},
  month = {09},
  pages = {435},
  title = {The Victory of Han Confucianism},
  doi = {10.2307/594608},
  volume = {58},
  year = {1938},
  journal = {Journal of the American Oriental Society}
}

@misc{inews_2024_the,
  author = {INEWS},
  title = {The Battle of Mayi and the Pro-Break},
  url = {https://p1-tt.byteimg.com/origin/tos-cn-i-qvj2lq49k0/e2d1d347670449c8ab74239dc622aad4.jpg},
  urldate = {2024-06-01},
  year = {2024},
  organization = {Byteimg.com}
}

@misc{internalwudangstore_2024_the,
  author = { Internal Wudang Store},
  title = {The Han Dynasty Sword},
  url = {https://internalwudangstore.net/wp-content/uploads/2020/08/42-China-Han-Jian.jpg},
  urldate = {2024-06-01},
  year = {2024},
  organization = {Internalwudangstore.net}
}